@article{ingo1,
author = {Ingo Wilms and Lena Schlesinger},
title = {Ist das kursiv?},
journal = {Kochbuch},
volume = {1},
number = {2},
year = {1982},
pages = {2--5},
}

@book{ingo2, 
author = {Peter Borchers and Max Mutard},
title = {Bist du des Wahnsinns}, 
volume = {2},
edition = {3},
publisher = {Palgrave Macmillan},
location = {Hamburg}, 
year = {2011},
}

@incollection{ingo3,
author = {Albert Baum and Carl Dietrich and Ernescu Fu},
title = {Titel des Aufsatzes},
editor = {Peter Hansen and Rolf Marquardt and Helmut Gertig and Olaf Hauschild},
booktitle = {Physik und Hausmeister für Anfänger},
volume = {4},
edition = {3},
publisher = {Dömling},
location = {Buchhandlung Schulz},
year =  {1999},
pages = {50--71},
}

@misc{ingo4,
author = {Internet Crack and Philipp Reddberg},
title = {Autoreifen leicht verstadnen},
year = {1999},
howpublished = {\url{http://www.pansen.de}},
urldate = {2012-07-04},
}
%***************************

@Article{Bachrach2010,
author="Bachrach, Yoram
and Markakis, Evangelos
and Resnick, Ezra
and Procaccia, Ariel D.
and Rosenschein, Jeffrey S.
and Saberi, Amin",
title="Approximating power indices: theoretical and empirical analysis",
journal="Autonomous Agents and Multi-Agent Systems",
year="2010",
volume="20",
number="2",
pages="105--122",
}



@article{Owen1972,
 author = {Guillermo Owen},
 journal = {Management Science},
 number = {5},
 pages = {64--79},
 title = {Multilinear Extensions of Games},
 volume = {18},
 year = {1972}
}


@Article{Chessa2014,
author="Chessa, Michela
and Fragnelli, Vito",
title="The bargaining set for sharing the power",
journal="Annals of Operations Research",
year="2014",
volume="215",
number="1",
pages="49--61",
}


@ARTICLE{Chessa2011,
title = {Quantitative evaluation of veto power},
author = {Chessa, Michela and Fragnelli, Vito},
year = {2011},
journal = {Operations Research and Decisions},
volume = {3},
pages = {5-19},
}

@Article{Kurz2016,
author="Kurz, Sascha",
title="The inverse problem for power distributions in committees",
journal="Social Choice and Welfare",
year="2016",
volume="47",
number="1",
pages="65--88",
}


@Article{Freixas2013,
author="Freixas, Josep
and Marciniak, Dorota",
title="Egalitarian property for power indices",
journal="Social Choice and Welfare",
year="2013",
volume="40",
number="1",
pages="207--227",
}

@article{Mercik2009,
title = "A priori veto power of the president of Poland",
journal = "Operations Research and Decisions",
volume = "19",
number = "4",
pages = "61--75",
year = "2009",
author = "Jacek Mercik",
}

@article{Alonso-Meijide2008,
title = "Computing power indices: Multilinear extensions and new characterizations",
journal = "European Journal of Operational Research",
volume = "188",
number = "2",
pages = "540--554",
year = "2008",
author = "J. M. Alonso-Meijide and B. Casas-Méndez and M.J. Holler and S. Lorenzo-Freire",
}

@article{Hirokawa2006,
author = { Midori Hirokawa and Milan Vlach },
title = {Power analysis of voting by count and account},
journal = {	Kybernetika},
volume = {42},
number = {4},
pages = {483-493},
year  = {2006},
}

@article{Strand2005,
author = { Jonathan R.   Strand  and  David P.   Rapkin },
title = {Regionalizing Multilateralism: Estimating the Power of Potential Regional Voting Blocs in the IMF},
journal = {International Interactions},
volume = {31},
number = {1},
pages = {15--54},
year  = {2005},
}



@Article{Strand2003,
author="Strand, Jonathan R.",
title="Measuring voting power in an international institution: the United States and the inter-American development bank",
journal="Economics of Governance",
year="2003",
volume="4",
number="1",
pages="19--36",
}

@Article{Felsenthal1998,
author="Felsenthal, Dan S.
and Machover, Mosh{\'e}",
title="The product paradox of voting power",
journal="Public Choice",
year="1998",
volume="96",
number="1",
pages="81--92",
}

@book{Brams1990,
  title={Negotiation games: applying game theory to bargaining and arbitration},
  author={Brams, Steven J.},
  origdate={1990},
  year={2003},
  publisher={Routledge},
  location={New York},
  edition={2},
}

@Article{Felsenthal1995,
author="Felsenthal, Dan S.
and Machover, Mosh{\'e}",
title="Postulates and paradoxes of relative voting power --- A critical re-appraisal",
journal="Theory and Decision",
year="1995",
volume="38",
number="2",
pages="195--229",
}



@article{JOHNSTON1977,
title = "Voting power in the E.E.C.'s council of ministers: An essay on method in political geography",
journal = "Geoforum",
volume = "8",
number = "1",
pages = "1--9",
year = "1977",
author = "{R. J.} Johnston and {A. J.} Hunt"
}

@article{Freixas2012,
title = "On the ordinal equivalence of the Johnston, Banzhaf and Shapley power indices",
journal = "European Journal of Operational Research",
volume = "216",
number = "2",
pages = "367--375",
year = "2012",
author = "Josep Freixas and Dorota Marciniak and Montserrat Pons",
}

@Article{Laruelle2005,
author="Laruelle, Annick
and Valenciano, Federico",
title="Assessing success and decisiveness in voting situations",
journal="Social Choice and Welfare",
year="2005",
volume="24",
number="1",
pages="171--197",
}

@book{FelsenthalMachover1998, 
author = "Felsenthal, Dan S.
and Machover, Mosh{\'e}",
title = {The Measurement of Voting Power: Theory and Practice, Problems and Paradoxes.}, 
publisher = {Edward Elgar},
address = {Cheltenham}, 
year = {1998},
}

@Article{Felsenthal2005,
author="Felsenthal, Dan S.
and Machover, Mosh{\'e}",
title="Voting power measurement: a story of misreinvention",
journal="Social Choice and Welfare",
year="2005",
volume="25",
number="2",
pages="485--506",
}



@misc{Aguirre2005,
author = {{Jesús Francisco} Aguirre and {Luis Guillermo} Quintas},
title = {Computing power indices in weighted majority games},
year = {2005},
howpublished = {\url{http://sedici.unlp.edu.ar/handle/10915/22920}},
urldate = {2018-03-27},
}
%***************************

@article{Laver1978,
author = {{M.} Laver},
title ={The Problems of Measuring Power in Europe},
journal = {Environment and Planning A: Economy and Space},
volume = {10},
number = {8},
pages = {901--906},
year = {1978},
}

@article{Kirsch2010,
author = {Werner Kirsch and Jessica Langner},
title = {Power indices and minimal winning coalitions},
journal = {Social Choice Welfare},
volume = {34},
year = {2010},
pages = {33--46},
}

@techreport{Uno2003,
author = {Takeaki Uno},
title = {Efficient Computation of Power Indices for Weighted Majority Games},
year = {2003},
institution = {National Institute of Informatics},
address={Tokyo},
}

https://www.ems-ph.org/books/book.php?proj_nr=207
@inbook{Kirsch2016,
author = {Werner Kirsch},
booktitle = {Mathematics and Society},
title = {A Mathematical View on Voting and Power},
editor = {Wolfgang König},
publisher = {European Mathematical Society},
address = {Zürich}, 
year = {2016},
pages = {251--279},
}

@article{Kirsch2007,
Author = {Kirsch, Werner},
Pages = {357--380},
Title = {On Penrose's Square-Root Law and Beyond},
Year = {2007},
journal = {Homo Oeconomicus},
volume = {24},
number = {3/4},
}

@article{Kirsch2011,
Author = {Kirsch, Werner and Langner, Jessica},
Journal = {Journal of Common Market Studies},
Number = {6},
Pages = {1317--1338},
Title = {Invariably Suboptimal: An Attempt to Improve the Voting Rules of the Treaties of Nice and Lisbon.},
Volume = {49},
Year = {2011},
}



@incollection{Uno2012,
author = {Takeaki Uno},
title = {Efficient Computation of Power Indices for Weighted Majority Games},
editor = {Kun-Mao Chao and Tsan-sheng Hsu and Der-Tsai Lee},
booktitle = {Algorithms and Computation},
publisher = {Springer},
address = {Berlin Heidelberg},
year =  {2012},
pages = {679--689},
}

@article{Matsui2000,
author = {Tomomi Matsui and Yasuko Matsui},
title = { A Survey of Algorithms for Calculating Power Indices of Weighted Majority Games},
journal = {Journal of the Operations Research Society of Japan},
volume = {43},
number = {1},
year = {2000},
pages = {71--86},
}

@book{Taylor2008, 
author = {Alan D. Taylor and Allison M. Pacelli},
title = {Mathematics and Politics}, 
edition = {2},
publisher = {Springer},
address = {New York}, 
year = {2008},
}

@techreport{powerindexsurvey,
	author = {Bart de Keijzer},
	title = {A Survey on the Computation of Power Indices},
	institution = {Delft University of Technology},
	year = {2009},
}

@article{Brams1976,
author = {Steven J. Brams and Paul J. Affuso},
title = {Power and size: A new paradox},
journal = {Theory and Decision},
volume = {7},
number = {1},
year = {1976},
pages = {29--56},
}

@article{Brams1985,
author = {Steven J. Brams and Paul J. Affuso},
title = {New Paradoxes of Voting Power on the EC Council of Ministers},
journal = {Electoral Studies},
volume = {4},
number = {2},
year = {1985},
pages = {135--139},
}

@article{Bilbao2000,
author = {J. M. Bilbao and J. R. Fernández and A. Jiménez Losada and J. J. López},
title = {Generating functions for computing power indices efficiently},
journal = {TOP},
volume = {8},
number = {2},
year = {2000},
pages = {191--213},
}

@techreport{Shapley1962,
	author = {Mann, Irwin and Lloyd S. Shapley},
	title = {Values of Large Games, VI: Evaluating the Electoral College Exactly},
	number = { Memorandum RM-3158-PR },
	institution = {The RAND Corporation},
	year = {1962},
}

@article{Banzhaf1968,
author = {John F. {Banzhaf III.}},
title = {One Man, 3.312 Votes: A Mathematical Analysis of the Electoral College},
journal = {Villanova Law Review},
volume = {13},
number = {2},
year = {1968},
pages = {304--332},
}

@article{Banzhaf1965,
author = {John F. {Banzhaf III.}},
title = {Weighted voting doesn't work: A mathematical analysis},
journal = {Rutgers Law Review},
volume = {19},
number = {2},
year = {1965},
pages = {317--343},
}

@article{Johnston1978,
author = {{R. J.} Johnston},
title = {On the Measurement of Power: Some Reactions to Laver},
journal = {Environment and Planning A},
volume = {10},
year = {1978},
pages = {907--914},
}

@article{Deegan1978,
author = {J. Deegan and E. W. Packel},
title = {A New Index of Power for Simple $n$-Person Games},
journal = {International Journal of Game Theory},
volume = {7},
number = {2},
year = {1978},
pages = {113--123},
}

@article{Shapley1954,
author = {Lloyd S. Shapley and Martin Shubik},
title = {A Method of Evaluating the Distribution of Power in a Committee System},
journal = {American Political Science Review},
volume = {48},
year = {1954},
pages = {787--792},
}

@article{Penrose1946,
author = {L. S. Penrose},
title = {The Elementary Statistics of Majority Voting},
journal = {Journal of the Royal Statistical Society},
volume = {109},
number = {1},
year = {1946},
pages = {53--57},
}

@article{Alonso-Meijide2007,
author = {S. Lorenzo-Freire and J. M. Alonso-Meijide and B. Casas-Méndez and M.G. Fiestras-Janeiro},
title = {Characterizations of the Deegan--Packel and Johnston power indices},
journal = {European Journal of Operational Research},
volume = {177},
number = {1},
year = {2007},
pages = {431--444},
}



@article{Alonso-Meijide2009,
author = {J. M. Alonso-Meijide and J.M. Bilbao and B. Casas-Méndez and J.R. Fernández},
title = {Weighted multiple majority games with unions: Generating functions and applications to the European Union},
journal = {European Journal of Operational Research},
volume = {198},
number = {2},
year = {2009},
pages = {530--544},
}

@article{Alonso-Meijide2012,
author = {J. M. Alonso-Meijide and J. Freixas and X. Molinero },
title = {Computation of several power indices by generating functions},
journal = {Applied Mathematics and Computation},
volume = {219},
number = {8},
year = {2012},
pages = {3395--3402},
}

Paul-Henri Spaak and
Baron J. Ch. Snoy et d'Oppuers and
Konrad Adenauer and
Walter Hallstein and
Christian Pineau and
Maurice Faure and
Antonio Segni and
Gaetano Martino and
Joseph Bech and
Lambert Schaus and
Joseph Luns and
J. Linthorst Homan

@misc{EU1957,
author = {{The Council of the European Communities}},
title = {Treaty establishing the European Economic Community (1957)},
year = {1957},
howpublished = {\url{http://eur-lex.europa.eu/legal-content/NL/TXT/PDF/?uri=CELEX:11957E/TXT&from=EN}},
urldate = {2016-04-07},
}

@article{EU1972,
author = {{The Council of the European Communities}},
title = {Treaty of Accession of Denmark, Ireland and the United Kingdom (1972)},
journal = {Official Journal of the European Communities},
volume = {15},
number = {L 73},
year = {1972},
url = {\url{http://eur-lex.europa.eu/legal-content/DE/TXT/PDF/?uri=OJ:L:1972:073:FULL&from=EN}},
urldate = {2016-04-07},
}


@article{EU1973,
author = {{The Council of the European Communities}},
title = {Treaty of Accession of Denmark, Ireland and the United Kingdom (1972)},
journal = {Official Journal of the European Communities},
volume = {16},
number = {L 2},
year = {1973},
url = {\url{http://eur-lex.europa.eu/legal-content/EN/TXT/PDF/?uri=OJ:L:1973:002:FULL&from=EN}},
urldate = {2016-04-07},
}

@article{EU1979,
author = {{The Council of the European Communities}},
title = {Treaty of Accession of Greece (1979)},
journal = {Official Journal of the European Communities},
volume = {22},
number = {L 291},
year = {1979},
url = {\url{http://eur-lex.europa.eu/legal-content/EN/TXT/PDF/?uri=OJ:L:1979:291:FULL&from=EN}},
urldate = {2016-04-07},
}


@article{EU1985,
author = {{The Council of the European Communities}},
title = {Treaty of Accession of Spain and Portugal (1985)},
journal = {Official Journal of the European Communities},
volume = {28},
number = {L 302},
year = {1985},
url = {\url{http://eur-lex.europa.eu/legal-content/EN/TXT/PDF/?uri=OJ:L:1985:302:FULL&from=EN}},
urldate = {2016-04-07},
}


@article{EU1994,
author = {{The Council of the European Communities}},
title = {Treaty of Accession of Austria, Finland and Sweden (1994)},
journal = {Official Journal of the European Communities},
volume = {37},
number = {C 241},
year = {1994},
url = {\url{http://eur-lex.europa.eu/legal-content/EN/TXT/PDF/?uri=OJ:C:1994:241:FULL&from=EN}},
urldate = {2016-04-07},
}


@article{EU1995,
author = {{The Council of the European Communities}},
title = {Decision of the Council of the European Union of 1st of January 1995 adjusting the instruments concerning the accession of new Member States to the European Union},
journal = {Official Journal of the European Communities},
volume = {38},
number = {L 1},
year = {1995},
url = {\url{http://eur-lex.europa.eu/legal-content/EN/TXT/PDF/?uri=OJ:L:1995:001:FULL&from=EN}},
urldate = {2016-04-07},
}


@article{EU2003,
author = {{The Council of the European Communities}},
title = {Treaty of Accession of the Czech Republic, Estonia, Cyprus, Latvia, Lithuania, Hungary, Malta, Poland, Slovenia and Slovakia (2003) },
journal = {Official Journal of the European Communities},
volume = {46},
number = {L 236},
year = {2003},
url = {\url{http://eur-lex.europa.eu/legal-content/EN/TXT/PDF/?uri=OJ:L:2003:236:FULL&from=EN}},
urldate = {2016-04-07},
}

@article{EU2005,
author = {{The Council of the European Communities}},
title = {Treaty of Accession of the Republic of Bulgaria and Romania (2005)},
journal = {Official Journal of the European Communities},
volume = {48},
number = {L 157},
year = {2005},
url = {\url{http://eur-lex.europa.eu/legal-content/EN/TXT/PDF/?uri=OJ:L:2003:236:FULL&from=EN}},
urldate = {2016-04-07},
}

@article{EU2012,
author = {{The Council of the European Communities}},
title = {Treaty of Accession of Croatia (2012)},
journal = {Official Journal of the European Communities},
volume = {55},
number = {L 112},
year = {2012},
url = {\url{http://eur-lex.europa.eu/legal-content/EN/TXT/PDF/?uri=OJ:L:2012:112:FULL&from=EN}},
urldate = {2016-04-07},
}

@book{Kopfermann1991, 
author = {Klaus Kopfermann},
title = {Mathematische Aspekte der Wahlverfahren: Mandatsverteilung bei Abstimmungen}, 
publisher = {BI-Wiss.-Verl.},
address = {Mannheim, Wien, Zürich}, 
year = {1991},
}

@book{Taylor1999, 
author = {Alan D. Taylor and William S. Zwicker},
title = {Simple Games: desirability relations, trading, pseudoweightings}, 
publisher = {Princeton University Press},
address = {Princeton, New Jersey}, 
year = {1999},
}

@article{Taylor1997, 
author = {Alan D. Taylor and William S. Zwicker},
title = {Interval measures of power}, 
journal = {Mathematical Social Sciences},
year = {1997},
volume = {33},
pages = {23--74},
}

@article{Felsenthal1997,
author = "Felsenthal, Dan S.
and Machover, Mosh{\'e}",
title = {The Weighted Voting Rule in the EU's Council of Ministers, 1958--95: Intentions and Outcomes},
journal = {Electoral Studies},
volume = {16},
number = {1},
year = {1997},
pages = {33--47},
}

@misc{Leech2002,
author = {Dennis Leech},
title = {Designing the Voting System for the Council of the European Union},
year = {2002},
howpublished = {\url{http://eprints.lse.ac.uk/archive/00000649}},
urldate = {2012-07-04},
}

@article{Nurmi1997,
author = {Hannu Nurmi},
title = {The Representation of Voter Groups in the European Parliament: a Penrose-Banzhaf Index Analysis},
journal = {Electoral Studies},
volume = {16},
number = {3},
year = {1997},
pages = {317--327},
}

@article{Bindseil1997,
author = {Ulrich Bindseil and Cordula Hantke},
title = {The power distribution in decision making among EU member states},
journal = {European Journal of Political Economy},
volume = {13},
year = {1997},
pages = {171--185},
}

@article{Widgren1994,
author = {Mika Widgrén},
title = {Voting power in the EC decision making and the consequences of two different enlargements},
journal = {European Economic Review},
volume = {38},
year = {1994},
pages = {1153--1170},
}

@misc{Antonakakis2014,
author = {Nikolaos Antonakakis and Harald Badinger and Wolf Heinrich Reuter},
title = {From Rome to Lisbon and Beyond: Member States’ Power, Efficiency, and Proportionality in the EU Council of Ministers },
year = {2014},
howpublished = {\url{https://epub.wu.ac.at/4164/1/wp175.pdf}},
urldate = {2012-07-04},
}

@incollection{Holler2013,
author = {Hannu Nurmi and Tommi Meskanen and Antti Pajala},
title = {Calculus of Consent in the EU Council of Ministers},
editor = {Manfred J. Holler and Hannu Nurmi},
booktitle = {Power, Voting, and Voting Power: 30 Years After},
publisher = {Springer},
address = {Berlin, Heidelberg},
year =  {2013},
pages = {501--520},
}

@misc{Leech2002b,
author = {Dennis Leech},
title = {Computation of Power Indices},
year = {2002},
howpublished = {\url{http://www2.warwick.ac.uk/fac/soc/economics/research/papers/twerp644.pdf}},
urldate = {2012-07-04},
}